### HISTORIC

@book {lang,
    AUTHOR = {Lang, Serge},
     TITLE = {Algebra},
    SERIES = {Graduate Texts in Mathematics},
    VOLUME = {211},
   EDITION = {third},
 PUBLISHER = {Springer-Verlag, New York},
      YEAR = {2002},
     PAGES = {xvi+914},
      ISBN = {0-387-95385-X},
   MRCLASS = {00A05 (15-02)},
  MRNUMBER = {1878556},
  URL = {doi.org/10.1007/978-1-4613-0041-0},
}
@article{kimber1993_aequa,
    AUTHOR = {Kimberling, Clark},
     TITLE = {Functional equations associated with triangle geometry},
   JOURNAL = {Aequationes Math.},
  FJOURNAL = {Aequationes Mathematicae},
    VOLUME = {45},
      YEAR = {1993},
    NUMBER = {2-3},
     PAGES = {127--152},
       URL = {doi.org/10.1007/BF01855873},
}

@article{kimberling1993_rocky,
    AUTHOR = {Kimberling, Clark},
     TITLE = {Triangle centers as functions},
   JOURNAL = {Rocky Mountain J. Math.},
  FJOURNAL = {The Rocky Mountain Journal of Mathematics},
    VOLUME = {23},
      YEAR = {1993},
    NUMBER = {4},
     PAGES = {1269--1286},
       URL = {doi.org/10.1216/rmjm/1181072493},
}

@book{kimberling98,
AUTHOR = {Kimberling, Clark},
TITLE = {Triangle Centers and Central Triangles},
series={Congr. Numer.},
volume={129},
publisher={Utilitas Mathematica Publishing, Inc.},
issn={0316-1282},
year={1998}
}

@BOOK{poncelet1822,
    title = {Traité sur les propriétés projectives des figures},
    publisher = {Bachelier},
    address={Paris},
    year = {1822},
    url={gallica.bnf.fr/ark:/12148/bpt6k9608143v.texteImage}
}

@book{darboux1917,
Title={Principes de G\'eom\'etrie Analytique},  
Author={Darboux, Gaston},
  Publisher = {Gauthier-Villars},
  Address = {Paris},
Year={1917}
}

@article{jacobi1849,
	Author = {Jacobi, C. G. J.},
	Journal = {J. reine angew. Math.},
	Pages = {376--389},
	Title = {{\"U}ber die {A}nwendung der elliptischen {T}ranscendentten auf ein bekanntes {P}roblem der {E}lementargeometrie},
	doi = {10.1515/crll.1828.3.376},
	Volume = {3},
	Year = {1828}
}

@BOOK{jacobi1884,
 Title = {Vorlesungen \"uber {D}ynamik},
  Note = {Gehalten an der {U}niversit\"at zu {K}\"onigsberg im {W}intersemester 1842--1843},
  Publisher = {Druck \& Verlag von George Reimer},
  Address = {Berlin},
	Author = {Jacobi, C. G. J.},
	Editor = {Alfred Clebsch},
	Year = {1884},
	url={quod.lib.umich.edu/u/umhistmath/AAS8078.0001.001/5?rgn=full+text;view=pdf}
}
	
@ARTICLE{jacobi1837,
    author = {Jacobi, C. G. J.},
    title = {Zur {T}heorie der {V}ariations-{R}echnung und der {D}ifferential-{G}leichungen},
    journal = {J. reine angew. Math.},
    volume = {17},
    year = {1837},
    pages = {68--82},
    issn = {0075-4102},
    mrclass = {DML},
    mrnumber = {1578150},
    url = {doi.org/10.1515/crll.1837.17.68},
}

@article{jacobi1839,
	Author = {Jacobi, C. G. J.},
	Journal = {J. reine angew. Math.},
	Keywords = {doi:10.1515/crll.1839.19.309},
	Pages = {309--313},
	Title = {Note von der geod\"atischen {L}inie auf einem {E}llipsoid und den verschiedenen {A}nwendungen einer merkw\"urdigen analytischen {S}ubstitution [The geodesic on an ellipsoid and various applications of a remarkable analytical substitution].},
	Volume = {19},
	Year = {1839},
	doi={doi:10.1515/crll.1839.19.309},
  notes={Letter to Bessel, Dec. 28, 1838. French translation (1841)}
}

@article{darboux1870,
   year={1870},
   author={Darboux, Gaston},
   title={Sur les polygones inscrits et circonscrits à l'ellipso\"ide},
   journal={Bulletin de la Société {p}hilomatique de Paris},
   series={6e serie},
   volume={7},
   pages={92--95},
   url={www.biodiversitylibrary.org/item/98693#page/98/mode/1up}
}

@article{birkhoff1927,
	Author = {Birkhoff, G.},
	Da = {1927/12/01},
	Isbn = {1871-2509},
	Journal = {Acta Mathematica},
	Number = {1},
	Pages = {359--379},
	Title = {On the periodic motions of dynamical systems},
	Url = {doi.org/10.1007/BF02421325},
	Volume = {50},
	Year = {1927}
}

@article{kaloshin2018,
   author={Vadim Kaloshin and Alfonso Sorrentino},
   title={On the Integrability of {B}irkhoff Billiards},
   year={2018},
   journal={Phil. Trans. R. Soc.},
   volume={A},
   number={376},
   doi={royalsocietypublishing.org/doi/full/10.1098/rsta.2017.0419}
}

@ARTICLE{neumann1859,
  author={Neumann, C.},
  title={De problemate quodam mechanico, quod ad primam integralium ultraellipticorum classem revocatur},
  journal={J. Reine Angew. Math.},
  pages={46--63},
  year={1859},
  volume={56},
  doi = {10.1515/crll.1859.56.46}
}

@ARTICLE{griffiths1978,
author={Philipp Griffiths and Joseph Harris},
     TITLE = {On {C}ayley's explicit solution to {P}oncelet's porism},
   JOURNAL = {Enseign. Math. (2)},
  FJOURNAL = {L'Enseignement Math\'{e}matique. Revue Internationale. 2e S\'{e}rie},
    VOLUME = {24},
      YEAR = {1978},
    NUMBER = {1-2},
     PAGES = {31--40},
}
### BOOKS
@book {pugh2015,
    AUTHOR = {Pugh, Charles C.},
     TITLE = {Real mathematical analysis},
    SERIES = {Undergraduate Texts in Mathematics},
   EDITION = {Second},
 PUBLISHER = {Springer, Cham},
      YEAR = {2015},
     PAGES = {xi+478},
       URL = {doi.org/10.1007/978-3-319-17771-7}
}
@BOOK{lockhart09,
  title={A Mathematician’s Lament},
  author={Paul Lockhart},
  publisher={Bellevue Library Press},
  year={2009},
  isbn={978-1934137178}
}

@BOOK{darboux1917book,
    author = {Darboux, Gaston},
    title ={Principes de géométrie analytique},
    publisher = {Gauthier-Villars},
    address = {Paris},
    year = {1917},
    url = {archive.org/details/principesdegom00darbuoft/page/n6},
}

@BOOK{birkhoff66,
  author = {Birkhoff, G. D.},
  address={Providence, RI},
  title = {Dynamical Systems},
  edition = {1966},
  year = {1927},
  url = {www.freeinfosociety.com/media/pdf/2219.pdf},
  zblnumber = {53.0732.01},
  series = {Colloqium Publications},
  volume = 9,
  publisher = {American Mathematical Society}
}

@BOOK{rozikov2018,
author={Utkir A Rozikov},
title={An Introduction To Mathematical Billiards},
year={2018},
isbn={978-9813276468},
publisher={World Scientific Publishing Company},
address={Singapore}
}

@BOOK{sergei91,
    author = {Sergei Tabachnikov},
    title = {Geometry and Billiards},
    series = {Student Mathematical Library},
    volume = {30},
    publisher = {American Mathematical Society},
    address={Providence, RI},
    year = {2005},
    pages = {xii+176},
    isbn = {0-8218-3919-5},
    mrclass = {51-02 (37-01 37D50 37J10 70H05 82C05)},
    mrnumber = {2168892},
    mrreviewer = {Roberto Markarian},
    url = {bit.ly/2RV04CK},
    zblnumber = {1119.37001},
}

@BOOK{johnson29,
    author={Johnson, Roger A.},
    title={Modern Geometry: An Elementary Treatise on the Geometry of the Triangle and the Circle},
    year={1929},
    address={Boston, MA},
    publisher={Houghton Mifflin}
}

@BOOK{coxeter67,
    author = {Coxeter, Harold S. M. and Greitzer, Samuel L.},
    title = {Geometry Revisited},
    series = {New Mathematical Library},
    volume = {19},
    publisher = {Random House, Inc.},
    address={New York},
    year = {1967},
    pages = {xiv+193},
    isbn = {[0-394-70919-5]},
    mrclass = {51-01},
    mrnumber = {3155265},
    zblnumber = {0166.16402},
}

@BOOK{kozlov91,
  title={Billiards: A Genetic Introduction to the Dynamics of Systems with Impacts},
  author={Kozlov, V. V. and Treshch{\"e}v, D. V.},
  isbn={9781470445010},
  series={Translations of mathematical monographs},
  url={books.google.com.br/books?id=b18buAEACAAJ},
  year={1991},
  publisher={American Mathematical Society},
  address={Providence, RI}
}

@BOOK{dragovic11,
  title={{Poncelet} Porisms and Beyond: Integrable Billiards, Hyperelliptic Jacobians and Pencils of Quadrics},
  author = {Vladimir Dragovi\'{c} and Milena Radnovi\'{c}},
  isbn={9783034800143},
  lccn={2011926874},
  series={Frontiers in Mathematics},
  year={2011},
  publisher={Springer},
  address={Basel}
}

### ARTICLES

@article{akopyan12,
  journal={Journal of Classical Geometry},
  volume={1},
  year={2012},
  author={Arseniy Akopyan},
  title={Conjugation of lines with respect to a triangle},
  url={users.mccme.ru/akopyan/papers/conjugation_en.pdf},
  pages={23--31}
}

@article{schwartz07,
  author={Richard Schwartz},
  title={The {P}oncelet grid},
  journal={Adv. Geometry},
  volume={7},
  year={2007},
  pages={157--175}
}

@article{sergei17_curvature,
    author={Ivan Izmestiev and  Sergei Tabachnikov},
    title={Ivory's theorem revisited},
    journal={Journal of Integrable Systems},
    volume={2},
    number={1},
    month={January},
    year={2017},
    url={doi.org/10.1093/integr/xyx006}
}

@article{sergei07_grid,
  author = {Mark Levi and Sergei Tabachnikov},
  title = {The {P}oncelet Grid and Billiards in Ellipses},
  journal = {Amer. Math. Monthly},
  volume = {114},
  number = {10},
  pages = {895-908},
  year  = {2007},
  publisher = {Taylor & Francis},
  doi = {10.1080/00029890.2007.11920482}
}

@article{sergei10_pentagram,
  title={The Pentagram Map: A Discrete Integrable System},
  author={Valentin Ovsienko and Richard Schwartz and Sergei Tabachnikov},
  journal={S. Commun. Math. Phys.},
  year={2010},
  volume={299},
  number={409},
  url={doi.org/10.1007/s00220-010-1075-y}
}

@article{dekov05,
  author={Sara Grozdev and Deko Dekov},
  title={A Survey of Mathematics Discovered by Computers},
  journal={International Journal of Computer Discovered Mathematics (IJCDM)},
  issn={2367-7775},
  month={november},
  year={2015},
  url={www.journal-1.eu/2015/01/Grozdev-Dekov-A-Survey-pp.3-20.pdf}
}

@article{dekov14,
  author={Sara Grozdev and Deko Dekov},
  title={The computer program “Discoverer” as a tool of mathematical
investigation},
  journal={International Journal of Computer Discovered Mathematics (IJCDM)},
  month={june},
  year={2014},
  url={www.ddekov.eu/j/2014/JCGM201405.pdf}
}


@unpublished{minevich17,
  title={Synthetic foundations of cevian geometry, {III}: The generalized orthocenter},
  author={Igor Minevich and Patrick Morton},
  year={2017},
  journal={Journal of Geometry},
  volume={108},
  pages={437--455},
  note={1506.06253.pdf}
}
url={arxiv.org/pdf/1506.06253.pdf},

@ARTICLE{connes07,
  title={A Property of Parallelograms Inscribed in Ellipses},
  author={Alain Connes and Don Zagier},
  journal={Amer. Math. Monthly},
  volume={114},
  number={10},
  year={2007},
  pages={909--914},
  publisher={Mathematical Association of America},
  url={people.mpim-bonn.mpg.de/zagier/files/amm/114/fulltext.pdf}
}

@ARTICLE{jovanovic11,
title={What are completely integrable {H}amilton Systems},
author={Božidar Jovanović},
journal={The Teaching of Mathematics},
year={2011},
volume={13},
number={1},
pages={1--14}
}

@ARTICLE{dragovic88,
    author = {Vladimir Dragovi\'{c} and Milena Radnovi\'{c}},
    title = {Caustics of {P}oncelet polygons and classical extremal polynomials},
    journal = {Regul. Chaotic Dyn.},
    fjournal = {Regular and Chaotic Dynamics. International Scientific Journal},
    volume = {24},
    year = {2019},
    number = {1},
    pages = {1--35},
    issn = {1560-3547},
    mrclass = {37D50 (14H70 26C05 41A10 70H06)},
    mrnumber = {3908388},
    doi = {10.1134/S1560354719010015},
}



@ARTICLE{sergei2002,
title={Ellipsoids, Complete Integrability and Hyperbolic Geometry},
 author={Sergei Tabachnikov},
 url={ftp.math.psu.edu/tabachni/prints/integr.pdf},
 journal={Moscow Mathematical Journal},
 volume={2},
 number={1},
 year={2002},
 pages={185--198}
}

@incollection{sergei2016proj,
  author       = {Sergei Tabachnikov}, 
  title        = {Projective configuration theorems: old wine into new wineskins},
  booktitle    = {Geometry in History},
  publisher    = {Springer Verlag},
  year         = 2019,
  editor       = {S. Dani and A. Papadopoulos},
  pages      = {401--434},
  url      = {arxiv.org/pdf/1607.04758.pdf}
}

@msic{corentin19,
    author = {Fierobe, Corentin},
    title = {On the circumcenters of triangular orbits in elliptic billiard},
    year = {2018},
    url = {arxiv.org/abs/1807.11903}
}

@UNPUBLISHED{yiu2003,
    author = {Yiu, Paul},
    title = {A Tour of Triangle Geometry},
    year = {2003},
    publisher={Florida Atlantic University lecture notes},
    url = {math.fau.edu/Yiu/TourOfTriangleGeometry/MAAFlorida37040428.pdf}
}

@UNPUBLISHED{yiu2001,
 author={Yiu, Paul},
 title={Introduction to the Geometry of the Triangle},
 publisher={Florida Atlantic University lecture notes},
 url={math.fau.edu/Yiu/YIUIntroductionToTriangleGeometry121226.pdf},
 year={2001}
}

@ARTICLE{olga14,
    author = {Romaskevich, Olga},
    title = {On the incenters of triangular orbits on elliptic billiards},
    journal = {Enseign. Math.},
    fjournal = {L'Enseignement Math\'{e}matique},
    volume = {60},
    year = {2014},
    number = {3-4},
    pages = {247--255},
    issn = {0013-8584},
    mrclass = {37D50 (14H50)},
    mrnumber = {3342645},
    mrreviewer = {Mohammad Soufi},
    url2 ={dx.doi.org/10.4171/LEM/60-3/4-2},
    zblnumber = {1371.37073},
}

@ARTICLE{alexey14,
    author = {Glutsyuk, Alexey},
    title = {On odd-periodic orbits in complex planar billiards},
    journal = {J. Dyn. Control Syst.},
    fjournal = {Journal of Dynamical and Control Systems},
    volume = {20},
    year = {2014},
    number = {3},
    pages = {293--306},
    issn = {1079-2724},
    mrclass = {37C25 (37F05)},
    mrnumber = {3224419},
    url = {doi.org/10.1007/s10883-014-9236-5},
    arxiv = {1309.1849},
    zblnumber = {1333.37009},
}

@ARTICLE{centina15,
    author = {del Centina, Andrea},
    title = {{P}oncelet's Porism: a long story of renewed discoveries I},
    year = {2016},
    journal = {Arch. Hist. Exact Sci.},
    fjournal = {Archive for History of Exact Sciences},
    volume = {70},
    number = {2},
    pages = {1--122},
    issn = {0003-9519},
    mrclass = {01A60 (51M04 51N35)},
    url = {doi.org/10.1007/s00407-015-0163-y},
    zblnumber = {1333.01015},
}

@ARTICLE{grozdev17,
    author={Sava Grozdev and Hiroshi Okumura and Deko Dekov},
    title={Computer Discovered Mathematics: Triangles homothetic with the Orthic     triangle},
    journal={Int. J. of Comp. Disc. Mathematics (IJCDM)},
    fjournal={International Journal of Computer Discovered Mathematics (IJCDM)},
    issn={2367-7775},
    volume={2},
    year={2017},
    pages={46--54},
    mrclass={51-04 (68T01 68T99)},
    url={www.journal-1.eu/2017/Grozdev-Okumura-Dekov-Orthic-triangles-pp.46-54.pdf}
}

@ARTICLE{snyder92-ellipse,
    author={John M. Snyder},
    title={Interval Analysis for Computer Graphics},
    journal={Computer Graphics},
    volume={26},
    number={2},
    year={1992},
    pages={121--129}
}

@ARTICLE{fitzgibbon99-ellipse,
author={Fitzgibbon, Andrew and Pilu, Maurizio and Fisher, Robert},
title={Direct Least Square Fitting of Ellipses},
journal={Pattern Analysis and Machine Intelligence},
volume={21},
number={5},
year={1999},
month={May}
}

@BOOK{moore2009-interval-analysis,
title={Introduction to Interval Analysis},
author={Ramon Moore and R. Baker Kearfott and Michael J. Cloud},
publisher={SIAM},
year={2009}
}

@ARTICLE{akopyan2020-invariants,
author={Arseniy Akopyan and Richard Schwartz and Serge Tabachnikov},
title={Billiards in Ellipses Revisited},
journal={Eur. J. Math.},
year={2020},
month={9},
url={doi.org/10.1007/s40879-020-00426-9}
}

@ARTICLE{bialy2020-invariants,
author={Misha Bialy and Sergei Tabachnikov},
title={{Dan Reznik's} Identities and More},
journal={Eur. J. Math.},
month={September},
year={2020},
url={doi.org/10.1007/s40879-020-00428-7}
}

@article{ana2020,
author={Chavez-Caliz, A.C.},
title={More About Areas and Centers of {Poncelet} Polygons}, journal={Arnold Math J.},
year={2020},
month={8},
url=
{doi.org/10.1007/s40598-020-00154-8}
}

@ARTICLE{schwartz2016-com,
    author = {Richard Schwartz and Sergei Tabachnikov},
    title = {Centers of mass of {P}oncelet polygons, 200 years after},
    journal = {Math. Intelligencer},
    fjournal = {The Mathematical Intelligencer},
    volume = {38},
    year = {2016},
    number = {2},
    pages = {29--34},
    issn = {0343-6993},
    mrclass = {51M15 (01A55 51M25)},
    mrnumber = {3507116},
    mrreviewer = {Victor V. Pambuccian},
    url = {bit.ly/3kLetNU},
    zblnumber = {1351.01013},
}

@MISC{dominique19,
  author       = {Dominique Laurain},
  note = {Private communication},
  month        = {August},
  year         = {2019},
  address      = {France},
  title      = {Formula for the Radius of the Orbits' Excentral Cosine Circle}
}

@MISC{helman19,
  author       = {Mark Helman},
  note = {Private communication},
  day          = {4},
  month        = {August},
  year         = {2019},
  address      = {Houston, TX},
  title      = {The Loci of ${X}_i,i=7,40,57,63,142,144$ are elliptic},
  institution  = {Rice University}
}

@MISC{helman20,
  author       = {Mark Helman},
  note = {Private communication},
  day          = {2},
  month        = {January},
  year         = {2020},
  address      = {Houston, TX},
  title      = {Proofs related to locus of ${X}_{88}$},
  institution  = {Rice University}
}

@MISC{minevich19,
  author       = {Igor Minevich},
  note = {Private communication},
  day          = {3},
  month        = {July},
  year         = {2019},
  address      = {Boston, MA},
  title      = {The Intouchpoints of the Orbit's Anticomplementary Triangle Sweep the Billiard},
  institution  = {Boston College}
}

@MISC{olga19_mitten,
  author       = {Olga Romaskevich},
  note = {Private communication},
  day          = {15},
  month        = {May},
  year         = {2019},
  address      = {Rennes, France},
  institution = {IRMAR, Université de Rennes},
  title      = {Proof the Mittenpunkt is Stationary}
}

@MISC{sergei19_private_meromorphic,
  author       = {Sergei Tabachnikov and Richard Schwartz},
  note = {Private communication},
  month        = {July},
  year         = {2019},
  title        = {Proof of Constant Cosine Sum ${N}>3$.}
}

@MISC{akopyan19_private_meromorphic,
  author       = {Arseniy Akopyan},
  note = {Private communication},
  month        = {August},
  year         = {2019},
  title        = {Proofs of Constant Cosine Product, and Area Ratio for ${N}>3$.}
}

@MISC{akopyan19_private_half_sines,
  author       = {Arseniy Akopyan},
  note = {Private communication},
  month        = {January},
  year         = {2020},
  day          = {19},
  title        = {Product of orbit half-sines is also invariant for all odd ${N>3}$.}
}

@MISC{sergei19_private_circles,
  author       = {Sergei Tabachnikov},
  note = {Private communication},
     month     = {July},
  year         = {2019},
  title        = {Proofs of Stationary Circle Radius for ${N}>3$.}
}

@MISC{sergei19_private_cosine_sum_expression,
  author       = {Sergei Tabachnikov},
  note = {Private communication},
  month        = {October},
  year         = {2019},
  title        = {Proof of Expression for Constant Cosine Sum for any $N$.}
}

### ONLINE

@MISC{himmelstrand12,
  title={A Survey of Dynamical Billiards},
  author={Markus Himmelstrand and Victor Wilén and Maria Saprykina},
  publisher={Department of Mathematics, Royal Institute of Technology (KTH)},
  url={bit.ly/2kfYHkC},
  year={2012}
}

@MISC{richardson10,
    author = {Richardson, Bill},
    title = {I was just looking for an example},
    year = {2010},
    url = {www.math.wichita.edu/~richardson/Orthic-story/orthic-triangle-complete.html},
    institution = {Wichita State University},
}

@ARTICLE{etc,
    author = {Kimberling, Clark},
    title = {Encyclopedia of Triangle Centers},
    year = {2019},
    journal={ETC},
    url = {bit.ly/3mOOver}
}

@ARTICLE{kimberling97-major-centers,
author={Clark Kimberling},
title={Major Centers of Triangles},
journal={Amer. Math. Monthly},
volume={104},
number={5},
month={May},
year={1997},
pages={431--438}
}

@MISC{wp_geodesics,
   title={Geodesics on an ellipsoid},
   author={Wikipedia},
   year={2019},
   url={en.wikipedia.org/wiki/Geodesics_on_an_ellipsoid#Geodesics_on_a_triaxial_ellipsoid}
}

@ARTICLE{mw,
    author = {Weisstein, Eric},
    title = {Mathworld},
    journal = {MathWorld--A Wolfram Web Resource},
    url = {mathworld.wolfram.com},
    year = {2019}
}

@MISC{mw_orthic,
    author = {Weisstein, E.},
    title = {Orthic Triangle},
    journal = {MathWorld--A Wolfram Web Resource},
    url = {mathworld.wolfram.com/OrthicTriangle.html},
    year = {2019}
}

@misc{mathematica_v10,
  author = {Stephen Wolfram},
  title = {Mathematica, Version 10.0},
  Address = {Champaign, IL},
  year={2019},
}

@misc{schwartz2018-rectangles,
author={Richard Schwartz},
title={Rectangle Coincidences and Sweepouts},
year={2019},
url={arxiv.org/abs/1809.03070}
}

@UNPUBLISHED{schwartz2020-triangles,
author={Richard Schwartz},
title={On Spaces of Inscribed Triangles},
year={2019},
note={1908.08174v1},
}

@book{Gallatly1913,
AUTHOR = {Gallatly, W. },
TITLE = {The Modern Geometry of the Triangle},
Address={London},
PUBLISHER = {Hodgson},
YEAR = {1913}
}

%% This BibTeX bibliography file was created using BibDesk.
%% bibdesk.sourceforge.net/

%% Created for Jair Koiller at 2020-01-30 09:03:40 -0300 

%% Saved with string encoding Unicode (UTF-8) 
@article{Weaver1924,
	Author = {Weaver, J.  H. },
	journal = {Amer. Math. Monthly},
	C1 = {Full publication date: Sep., 1924},
	Date-Added = {2020-01-30 12:03:24 +0000},
	Date-Modified = {2020-01-30 12:03:40 +0000},
	Db = {JSTOR},
	Isbn = {00029890, 19300972},
	Number = {7},
	Pages = {337--340},
	Publisher = {Mathematical Association of America},
	Title = {A System of Triangles Related to a Poristic System},
	Ty = {JOUR},
	Url = {www.jstor.org/stable/2299387},
	Volume = {31},
	Year = {1924},
	Bdsk-Url-1 = {www.jstor.org/stable/2299387},
	Bdsk-Url-2 = {dx.doi.org/10.2307/2299387}}

@article{Odenhal2011,
	Author = {Boris Odehnal},
	Date-Added = {2020-01-30 11:55:53 +0000},
	Date-Modified = {2020-01-30 11:57:17 +0000},
	Journal = {Journal for Geometry and Graphics},
	Number = {1},
	Pages = {45--67},
	Title = {Poristic Loci of Triangle Centers },
	Volume = {15},
	Year = {2011}}

@article{Pamfilos2011,
	Author = {Paris Pamfilos},
	Date-Added = {2020-01-30 11:46:16 +0000},
	Date-Modified = {2020-01-30 11:48:09 +0000},
	Journal = {Forum Geometricorum},
	Pages = {27--51},
	Title = {Triangles with given incircle and centroid},
	Volume = {11},
	Year = {2011}}

@article{Sliepcevic2013,
	Author = {Ana Sliep\v{c}evi\'c   AND  Helena Halas},
	Date-Added = {2020-01-30 11:35:53 +0000},
	Date-Modified = {2020-01-30 11:38:38 +0000},
	journal={Hrvat. Akad. Znan. Umjet. Mat. Znan},
	Pages = {203--2010},
	Title = {Family of triangles and related curves},
	Volume = {17},
	number =515,
	Year = {2013}}

@article{Nikolina-families2012,
	Author = {Kova\v{c}evi\'c, Nikolina  AND  Sliep\v{c}evi\'c, Ana},
	Date-Added = {2020-01-30 11:15:38 +0000},
	Date-Modified = {2020-01-30 11:21:22 +0000},
	Journal = {KoG-Zagreb },
	Pages = {21-27},
	Title = {On the certain families of triangles},
	Volume = {16},
	Year = {2012}}
	
@article{Weaver1933,
	Author = {Weaver, J.  H. },
	journal = {Amer. Math. Monthly},
	C1 = {Full publication date: Feb., 1933},
	Date-Added = {2020-01-30 12:14:13 +0000},
	Date-Modified = {2020-01-30 12:15:20 +0000},
	Db = {JSTOR},
	Isbn = {00029890, 19300972},
	Number = {2},
	Pages = {85--91},
	Publisher = {Mathematical Association of America},
	Title = {Curves Determined by a One-Parameter Family of Triangles},
	Ty = {JOUR},
	Url = {www.jstor.org/stable/2300940},
	Volume = {40},
	Year = {1933},
	Bdsk-Url-1 = {www.jstor.org/stable/2300940},
	Bdsk-Url-2 = {dx.doi.org/10.2307/2300940}}
	
@article{georgiev2012-poncelet,
author={Vladimir Georgiev and Veneta Nedyalkova},
title={{Poncelet}’s porism and periodic triangles in ellipse},
year={2012},
journal={Dynamat},
url={bit.ly/2G33bFQ}
}

@article{Murnaghan1925,
	Author = {Murnaghan, F.  D.},
	journal = {Amer. Math. Monthly},
	C1 = {Full publication date: Jan., 1925},
	Date-Added = {2020-01-30 12:10:35 +0000},
	Date-Modified = {2020-01-30 12:10:46 +0000},
	Db = {JSTOR},
	Isbn = {00029890, 19300972},
	Number = {1},
	Pages = {37--41},
	Publisher = {Mathematical Association of America},
	Title = {Discussions: Note on {Mr. Weaver}'s Paper ``A System of Triangles Related to a Poristic System'' (1924, 337--340)},
	Ty = {JOUR},
	Url = {www.jstor.org/stable/2300090},
	Volume = {32},
	Year = {1925},
	Bdsk-Url-1 = {www.jstor.org/stable/2300090},
	Bdsk-Url-2 = {dx.doi.org/10.2307/2300090}}

	
	
	