@MISC{reznik2011-video-incenter,
  author={Dan Reznik},
  title={Triangular Orbits in Elliptic Billiards: Locus of the Incenter is an Ellipse},
  year={2011},
  url={youtu.be/9xU6T7hQMzs},
  publisher={YouTube}
}

@MISC{reznik2011-video-intouchpoints,
  author={Dan Reznik},
  title={Locus of the incircle touchpoints is a higher-order curve},
  year={2011},
  url={youtu.be/9xU6T7hQMzs},
  publisher={YouTube}
}

@MISC{reznik2011-applet,
  author={Dan Reznik},
  title={Dynamic Billiards in Ellipse},
  url={demonstrations.wolfram.com/DynamicBilliardsInEllipse/},
  publisher={Wolfram Demonstrations Project},
  year={2011}
}

@MISC{reznik2019-applet-x12345,
author={Dan Reznik},
  title={Applet Showing the Locus of Several Triangular Centers},
  year={2019},
  publisher={P5.js},
  url={editor.p5js.org/dreznik/full/i1Lin7lt7}
}

@MISC{reznik2019-mathintell-playlist,
author={Dan Reznik},
  title={{YouTube} Playlist for Mathematical Intelligencer},
  year={2019},
  publisher={YouTube},
  url={bit.ly/2kTvPPr}
}

@MISC{reznik2019-main-videos,
  author={Dan Reznik},
  title={New Properties of Polygonal Orbits in Elliptic Billiards: Main Videos},
  year={2019},
  url={bit.ly/2k5GXbB},
  publisher={YouTube}
}

@MISC{reznik2020-playlist-loci,
  author={Dan Reznik},
  title={Playlist for {``Loci of Triangular Orbits in an Elliptic Billiard''}},
  year={2020},
  url={bit.ly/3072LV3},
  publisher={YouTube}
}

@ARTICLE{reznik2020-playlist-proofs,
  author={Dan Reznik},
  title={Playlist for {``New Properties of Triangular Orbits in an Elliptic Billiard''}},
  year={2020},
  url={bit.ly/379mk1I},
  journal={YouTube}
}

@ARTICLE{reznik2019-locus-gallery,
  author={Dan Reznik},
  title={Triangular Orbits in Elliptic Billards: Loci of Points {X(1)~X(100)}},
  year={2019},
  url={dan-reznik.github.io/billiard-loci/loci.html},
  journal={GitHub}
}

@MISC{reznik2019-impa,
   author = {Dan Reznik and Ronaldo Garcia and Jair Koiller},
   title = {Adventures with Triangles and Billiards},
   url={impa.br/en_US/eventos-do-impa/eventos-2019/ 32o-coloquio-brasileiro-de-matematica},
   address={Rio de Janeiro},
   institution = {Instituto Nacional de    Matem√°tica Pura e Aplicada (IMPA)},
   day={31},
   month={7},
   year={2019},
}

@MISC{reznik2019-impa2019-video,
   author = {Dan Reznik and Ronaldo Garcia and Jair Koiller},
   title = {Adventures with Triangles and Billiards},
   url={youtu.be/t872mftaI2g},
   publisher={YouTube},
   day={15},
   month={8},
   year={2019},
}

@MISC{reznik2019-web,
   author = {Dan Reznik and Ronaldo Garcia and Jair Koiller},
   title={New Properties of Triangular Orbits in Elliptic Billiards},
   url={dan-reznik.github.io/Elliptical-Billiards-Triangular-Orbits/},
   year={2019}
}

@MISC{reznik2019-media,
   author = {Dan Reznik and Ronaldo Garcia and Jair Koiller},
   title={Media for Elliptic Billards and Family of Orbits},
   url={dan-reznik.github.io/Elliptical-Billiards-Triangular-Orbits/videos.html},
   year={2019}
}

@UNPUBLISHED{garcia2016-inscribed,
    author = {Garcia, Ronaldo},
    title = {Centers of Inscribed Circles in Triangular Orbits of an Elliptic Billiard},
    year = {2016},
    url = {arxiv.org/pdf/1607.00179v1.pdf},
    note={arxiv}
}

@ARTICLE{garcia2019-ellipses,
    author = {Garcia, Ronaldo},
    title = {Elliptic Billiards and Ellipses Associated to the 3-Periodic Orbits},
    journal = {Amer. Math. Monthly},
    volume={126},
    number={06},
    pages={491--504},
    url={doi.org/10.1080/00029890.2019.1593087},
    year = {2019}
}

@MISC{garcia2020-poristics,
title={Related by Similiarity: Poristic Triangles and 3-Periodics in the Elliptic Billiard},
author={Ronaldo Garcia and Dan Reznik},
year={2020},
month={04},
url={arxiv.org/abs/2004.13509}
}


@ARTICLE{reznik2019-intelligencer,
    author = {Reznik, Dan and Garcia, Ronaldo and Koiller, Jair},
    title = {Can the Elliptic Billiard Still Surprise Us?},
    journal = {Math. Intelligencer},
    publisher={Springer US},
    url={rdcu.be/b2cg1},
    year = {2020},
    volume={42},
    pages={6--17}
}

@misc{reznik2020-loci,
    author = {Reznik, Dan and Garcia, Ronaldo and Koiller, Jair},
    title = {Loci of 3-periodics in an Elliptic Billiard: why so many ellipses?},
    url={arxiv.org/abs/2001.08041},
    year = {2020},
    month={01}
}


@ARTICLE{reznik2020-forty-invariants,
    author = {Reznik, Dan and Garcia, Ronaldo and Koiller, Jair},
    title = {Forty New Invariants of {N}-Periodics in the Elliptic Billiard},
    journal={arXiv},
    url={arxiv.org/abs/2004.12497},
    month={april},
    year={2020}
}

@misc{garcia-2020-ellipses,
Author = {Ronaldo Garcia and Dan Reznik and Jair Koiller},
Title = {Loci of 3-periodics in an Elliptic Billiard: why so many ellipses?},
Year = {2020},
Eprint = {2001.08041},
url={arxiv.org/abs/2001.08041}
}

@misc{garcia2020-new-properties,
Author = {Ronaldo Garcia and Dan Reznik and Jair Koiller},
Title = {New Properties of Triangular Orbits in Elliptic Billiards},
Year = {2020},
Eprint = {2001.08054},
url={arxiv.org/abs/2001.08054}
}