---00p
@article{garcia2019-incenter,
    author = {Garcia, Ronaldo},
    title = {Elliptic Billiards and Ellipses Associated to the 3-Periodic Orbits},
    journal = {American Mathematical Monthly},
    volume={126},
    number={06},
    pages={491--504},
    Eprint ={doi:10.1080/00029890.2019.1593087},
    year = {2019}
}

---01p
@article{reznik2020-intelligencer,
title={Can the Elliptic Billiard still surprise us?},
author={Reznik, Dan and Garcia, Ronaldo and Koiller, Jair},
journal={Math Intelligencer},
volume={42},
year={2020},
pages={6--17},
url={rdcu.be/b2cg1},
doi={10.1007/s00283-019-09951-2},
publisher={Springer US},
issn={1866-7414}
}

---02p
@misc{garcia2020-ellipses,
Author = {Ronaldo Garcia and Dan Reznik and Jair Koiller},
Title = {Loci of 3-periodics in an Elliptic Billiard: why so many ellipses?},
Year = {2020},
note = {submitted},
howpublished = {arXiv:2001.08041}
}

---03p
@article{garcia2020-new-properties,
Author = {Ronaldo Garcia and Dan Reznik and Jair Koiller},
Title = {New Properties of Triangular Orbits in Elliptic Billiards},
journal={Amer. Math. Monthly},
volume={to appear},
Year = {2020},
Eprint = {arXiv:2001.08054}
}

---04p
@article{reznik2020-ballet,
title={The Ballet of Triangle Centers on the Elliptic Billiard},
author={Dan Reznik and Ronaldo Garcia and Jair Koiller},
journal={Journal for Geometry and Graphics},
volume={24},
number={1},
year={2020},
pages={079--101},
publisher={Heldermann Verlag}
}

---05p
@article{reznik2021-circum,
title={Circuminvariants of 3-periodics in the elliptic billiard},
author={Dan Reznik and Ronaldo Garcia},
journal={Intl. J. Geometry},
volume={10},
number={1},
year={2021},
pages={31--57}
}

---06p
@ARTICLE{reznik2020-invariants-arxiv,
Author = {Dan Reznik and Ronaldo Garcia and Jair Koiller},
Title = {Fifty New Invariants of N-Periodics in the Elliptic Billiard},
journal={Arnold Math. J.},
year={2021},
month={2},
url={https://rdcu.be/cftyF},
note2={arXiv:2004.12497}
}

---07
@misc{garcia2020-similarity-I,
Author = {Ronaldo Garcia and Dan Reznik},
Title = {Related By Similarity {I}: Poristic Triangles and 3-Periodics in the Elliptic Billiard},
journal={Intl. J. of Geom.},
Month = {06},
Year = {2021},
volume={10},
number={3},
pages={52--70}
}

---08p
@article{garcia2020-steiner,
title={Steiner's Hat: a Constant-Area Deltoid Associated with the Ellipse},
author={Ronaldo Garcia and Dan Reznik and  Hellmuth Stachel and Mark Helman},
year={2020},
journal={J. Croatian Soc. for Geom. Gr. {(KoG)}},
volume={24},
note={to appear},
note2={arXiv:2006.13166},
}

---09
@misc{reznik2020-pedals,
title={Area-Invariant Pedal-Like Curves Derived from the Ellipse},
author={Dan Reznik and Ronaldo Garcia and Hellmuth Stachel},
year={2020},
note={submitted},
note2={arXiv:2009.02581}
}

---10
@misc{reznik2020-similarityII,
Author = {Dan Reznik and Ronaldo Garcia},
Title = {Related By Similarity {II}: Poncelet 3-Periodics in the Homothetic Pair and the Brocard Porism},
journal={Intl. J. of Geom.},
volume={10},
number={4},
Month = {03},
Year = {2021},
pages={18--31}
}

---11
@misc{garcia2020-self-intersected,
author={Ronaldo Garcia and Dan Reznik},
title={Invariants of Self-Intersected and Inversive N-Periodics in the Elliptic Billiard},
year={2020},
month={10},
note2={arXiv:2011.06640}
}

---12
@misc{reznik2020-n3-focus-inversive,
author={Dan Reznik and Ronaldo Garcia},
title={The Talented Mr. Inversive Triangle in the Elliptic Billiard},
year={2020},
month={12},
howpublished={arXiv:2012.03020}
}

---13

@misc{garcia2020-family-ties,
title={Family Ties: Relating Poncelet 3-Periodics by their Properties},
author={Ronaldo Garcia and Dan Reznik},
month={12},
year={2020},
howpublished={arXiv:2012.11270}
}

# REZNIK MISC

@MISC{reznik2019-impa-talk,
   author = {Dan Reznik and Ronaldo Garcia and Jair Koiller},
   title = {Adventures with Triangles and Billiards},
   url={youtu.be/t872mftaI2g},
   publisher={YouTube},
   day={15},
   month={8},
   year={2019},
}

@MISC{reznik2019-impa-article,
   author = {Dan Reznik and Ronaldo Garcia and Jair Koiller},
   title = {Adventures with Triangles and Billiards},
   url={impa.br/en_US/eventos-do-impa/eventos-2019/ 32o-coloquio-brasileiro-de-matematica},
   address={Rio de Janeiro},
   institution = {Instituto Nacional de    Matem√°tica Pura e Aplicada (IMPA)},
   day={31},
   month={7},
   year={2019},
}

@MISC{reznik2019-website,
   author = {Dan Reznik and Ronaldo Garcia and Jair Koiller},
   title={New Properties of Triangular Orbits in Elliptic Billiards},
   url={dan-reznik.github.io/Elliptical-Billiards-Triangular-Orbits/},
   year={2019}
}

@MISC{reznik2019-web-media,
   author = {Dan Reznik and Ronaldo Garcia and Jair Koiller},
   title={Media for Elliptic Billards and Family of Orbits},
   url={dan-reznik.github.io/Elliptical-Billiards-Triangular-Orbits/videos.html},
   year={2019}
}

@MISC{reznik2011-incenter,
author={Dan Reznik},
title={Path of Incenter for Family of Triangular Orbits in Elliptical Billiard},
year={2011},
howpublished={{YouTube}},
url={https://youtu.be/BBsyM7RnswA}
}