### HISTORIC

@book{lang,
    AUTHOR = {Lang, Serge},
     TITLE = {Algebra},
    SERIES = {Graduate Texts in Mathematics},
    VOLUME = {211},
   EDITION = {third},
 PUBLISHER = {Springer-Verlag, New York},
      YEAR = {2002},
     PAGES = {xvi+914},
      ISBN = {0-387-95385-X},
   MRCLASS = {00A05 (15-02)},
  MRNUMBER = {1878556},
       DOI = {10.1007/978-1-4613-0041-0},
       URL = {doi.org/10.1007/978-1-4613-0041-0},
}
@article{kimber1993_aequa,
    AUTHOR = {Kimberling, Clark},
     TITLE = {Functional equations associated with triangle geometry},
   JOURNAL = {Aequationes Math.},
  FJOURNAL = {Aequationes Mathematicae},
    VOLUME = {45},
      YEAR = {1993},
    NUMBER = {2-3},
     PAGES = {127--152},
       DOI = {10.1007/BF01855873},
       URL = {doi.org/10.1007/BF01855873},
}

@article{kimberling1993_rocky,
    AUTHOR = {Kimberling, Clark},
     TITLE = {Triangle centers as functions},
   JOURNAL = {Rocky Mountain J. Math.},
  FJOURNAL = {The Rocky Mountain Journal of Mathematics},
    VOLUME = {23},
      YEAR = {1993},
    NUMBER = {4},
     PAGES = {1269--1286},
       DOI = {10.1216/rmjm/1181072493},
       URL = {doi.org/10.1216/rmjm/1181072493},
}

@book{kimberling98,
AUTHOR = {Kimberling, Clark},
TITLE = {Triangle Centers and Central Triangles},
series={Congr. Numer.},
volume={129},
publisher={Utilitas Mathematica Publishing, Inc.},
issn={0316-1282},
year={1998}
}

@BOOK{poncelet1822,
    title = {Traité sur les propriétés projectives des figures},
    publisher = {Bachelier},
    address={Paris},
    year = {1822},
    url={gallica.bnf.fr/ark:/12148/bpt6k9608143v.texteImage}
}

@book{darboux1917,
Title={Principes de G\'eom\'etrie Analytique},  
Author={Darboux, Gaston},
  Publisher = {Gauthier-Villars},
  Address = {Paris},
Year={1917}
}

@article{jacobi1849,
	Author = {Jacobi, C. G. J.},
	Journal = {J. reine angew. Math.},
	Pages = {376--389},
	Title = {{\"U}ber die {A}nwendung der elliptischen {T}ranscendentten auf ein bekanntes {P}roblem der {E}lementargeometrie},
	doi = {10.1515/crll.1828.3.376},
	Volume = {3},
	Year = {1828}
}

@BOOK{jacobi1884,
 Title = {Vorlesungen \"uber {D}ynamik},
  Note = {Gehalten an der {U}niversit\"at zu {K}\"onigsberg im {W}intersemester 1842--1843},
  Publisher = {Druck \& Verlag von George Reimer},
  Address = {Berlin},
	Author = {Jacobi, C. G. J.},
	Editor = {Alfred Clebsch},
	Year = {1884},
	url={quod.lib.umich.edu/u/umhistmath/AAS8078.0001.001/5?rgn=full+text;view=pdf}
}
	
@ARTICLE{jacobi1837, 

    author = {Jacobi, C. G. J.},
    title = {Zur {T}heorie der {V}ariations-{R}echnung und der {D}ifferential-{G}leichungen},
    journal = {J. reine angew. Math.},
    volume = {17},
    year = {1837},
    pages = {68--82},
    issn = {0075-4102},
    mrclass = {DML},
    mrnumber = {1578150},
    doi = {10.1515/crll.1837.17.68},
    url = {doi.org/10.1515/crll.1837.17.68},
}

@article{jacobi1839,
	Author = {Jacobi, C. G. J.},
	Journal = {J. reine angew. Math.},
	Keywords = {doi:10.1515/crll.1839.19.309},
	Pages = {309--313},
	Title = {Note von der geod\"atischen {L}inie auf einem {E}llipsoid und den verschiedenen {A}nwendungen einer merkw\"urdigen analytischen {S}ubstitution [The geodesic on an ellipsoid and various applications of a remarkable analytical substitution].},
	Volume = {19},
	Year = {1839},
	doi={doi:10.1515/crll.1839.19.309},
  notes={Letter to Bessel, Dec. 28, 1838. French translation (1841)}
}

@article{darboux1870,
   year={1870},
   author={Darboux, Gaston},
   title={Sur les polygones inscrits et circonscrits à l'ellipso\"ide},
   journal={Bulletin de la Société {p}hilomatique de Paris},
   series={6e serie},
   volume={7},
   pages={92--95},
   url={www.biodiversitylibrary.org/item/98693#page/98/mode/1up}
}

@article{birkhoff1927,
	Author = {Birkhoff, G.},
	Da = {1927/12/01},
	Doi = {10.1007/BF02421325},
	Isbn = {1871-2509},
	Journal = {Acta Mathematica},
	Number = {1},
	Pages = {359--379},
	Title = {On the periodic motions of dynamical systems},
	Url = {doi.org/10.1007/BF02421325},
	Volume = {50},
	Year = {1927}
}

@article{kaloshin2018,
   author={Vadim Kaloshin and Alfonso Sorrentino},
   title={On the Integrability of {B}irkhoff Billiards},
   year={2018},
   journal={Phil. Trans. R. Soc.},
   volume={A},
   number={376},
   doi={doi.org/10.1098/rsta.2017.0419}
}

@ARTICLE{neumann1859,
  author={Neumann, C.},
  title={De problemate quodam mechanico, quod ad primam integralium ultraellipticorum classem revocatur},
  journal={J. reine angew. Math.},
  pages={46--63},
  year={1859},
  volume={56},
  doi = {10.1515/crll.1859.56.46}
}

@ARTICLE{griffiths1978,
author={Philipp Griffiths and Joseph Harris},
     TITLE = {On {C}ayley's explicit solution to {P}oncelet's porism},
   JOURNAL = {Enseign. Math. (2)},
  FJOURNAL = {L'Enseignement Math\'{e}matique. Revue Internationale. 2e S\'{e}rie},
    VOLUME = {24},
      YEAR = {1978},
    NUMBER = {1-2},
     PAGES = {31--40},
}
### BOOKS
@book {pugh2015,
    AUTHOR = {Pugh, Charles C.},
     TITLE = {Real mathematical analysis},
    SERIES = {Undergraduate Texts in Mathematics},
   EDITION = {Second},
 PUBLISHER = {Springer, Cham},
      YEAR = {2015},
     PAGES = {xi+478},
       DOI = {10.1007/978-3-319-17771-7},
       URL = {doi.org/10.1007/978-3-319-17771-7}
}
@BOOK{lockhart09,
  title={A Mathematician’s Lament},
  author={Paul Lockhart},
  publisher={Bellevue Library Press},
  year={2009},
  isbn={978-1934137178}
}

@BOOK{darboux1917book,
    author = {Darboux, Gaston},
    title ={Principes de géométrie analytique},
    publisher = {Gauthier-Villars},
    address = {Paris},
    year = {1917},
    url = {archive.org/details/principesdegom00darbuoft/page/n6},
}

@BOOK{birkhoff66,
  author = {Birkhoff, G. D.},
  address={Providence, RI},
  title = {Dynamical Systems},
  edition = {1966},
  year = {1927},
  url = {www.freeinfosociety.com/media/pdf/2219.pdf},
  zblnumber = {53.0732.01},
  series = {Colloqium Publications},
  volume = 9,
  publisher = {American Mathematical Society}
}

@BOOK{sergei91,
    author = {Sergei Tabachnikov},
    title = {Geometry and Billiards},
    series = {Student Mathematical Library},
    volume = {30},
    publisher = {American Mathematical Society},
    address={Providence, RI},
    note={Mathematics Advanced Study Semesters, University Park, PA},
    year = {2005},
    pages = {xii+176},
    isbn = {0-8218-3919-5},
    mrclass = {51-02 (37-01 37D50 37J10 70H05 82C05)},
    mrnumber = {2168892},
    mrreviewer = {Roberto Markarian},
    doi = {10.1090/stml/030},
    url = {www.personal.psu.edu/sot2/books/billiardsgeometry.pdf},
    zblnumber = {1119.37001},
}

@BOOK{johnson29,
    author={Johnson, Roger A.},
    title={Modern Geometry: An Elementary Treatise on the Geometry of the Triangle and the Circle},
    year={1929},
    address={Boston, MA},
    publisher={Houghton Mifflin}
}

@BOOK{coxeter67,
    author = {Coxeter, Harold S. M. and Greitzer, Samuel L.},
    title = {Geometry Revisited},
    series = {New Mathematical Library},
    volume = {19},
    publisher = {Random House, Inc.},
    address={New York},
    year = {1967},
    pages = {xiv+193},
    isbn = {[0-394-70919-5]},
    mrclass = {51-01},
    mrnumber = {3155265},
    zblnumber = {0166.16402},
}

@BOOK{kozlov91,
  title={Billiards: A Genetic Introduction to the Dynamics of Systems with Impacts},
  author={Kozlov, V. V. and Treshch{\"e}v, D. V.},
  isbn={9781470445010},
  series={Translations of mathematical monographs},
  url={books.google.com.br/books?id=b18buAEACAAJ},
  year={1991},
  publisher={American Mathematical Society},
  address={Providence, RI}
}

@BOOK{dragovic11,
  title={Poncelet Porisms and Beyond: Integrable Billiards, Hyperelliptic Jacobians and Pencils of Quadrics},
  author = {Vladimir Dragovi\'{c} and Milena Radnovi\'{c}},
  isbn={9783034800143},
  lccn={2011926874},
  series={Frontiers in Mathematics},
  url={books.google.com.br/books?id=QcOmDAEACAAJ},
  year={2011},
  publisher={Springer},
  address={Basel}
}

### ARTICLES

@article{akopyan12,
  journal={Journal of Classical Geometry},
  volume={1},
  year={2012},
  author={Arseniy Akopyan},
  title={Conjugation of lines with respect to a triangle},
  url={users.mccme.ru/akopyan/papers/conjugation_en.pdf},
  pages={23--31}
}

@article{schwartz07,
  author={Richard Schwartz},
  title={The {P}oncelet grid},
  journal={Adv. Geometry},
  volume={7},
  year={2007},
  pages={157--175}
}

@article{sergei17_curvature,
    author={Ivan Izmestiev and  Sergei Tabachnikov},
    title={Ivory's theorem revisited},
    journal={Journal of Integrable Systems},
    volume={2},
    number={1},
    month={January},
    year={2017},
    url={doi.org/10.1093/integr/xyx006}
}

@article{sergei07_grid,
  author = {Mark Levi and Sergei Tabachnikov},
  title = {The {P}oncelet Grid and Billiards in Ellipses},
  journal = {The American Mathematical Monthly},
  volume = {114},
  number = {10},
  pages = {895-908},
  year  = {2007},
  publisher = {Taylor & Francis},
  doi = {10.1080/00029890.2007.11920482},
  URL = {doi.org/10.1080/00029890.2007.11920482}
}

@article{sergei10_pentagram,
  title={The Pentagram Map: A Discrete Integrable System},
  author={Valentin Ovsienko and Richard Schwartz and Sergei Tabachnikov},
  journal={S. Commun. Math. Phys.},
  year={2010},
  volume={299},
  number={409},
  url={doi.org/10.1007/s00220-010-1075-y}
}

@article{dekov05,
  author={Sara Grozdev and Deko Dekov},
  title={A Survey of Mathematics Discovered by Computers},
  journal={International Journal of Computer Discovered Mathematics (IJCDM)},
  issn={2367-7775},
  month={november},
  year={2015},
  url={www.journal-1.eu/2015/01/Grozdev-Dekov-A-Survey-pp.3-20.pdf}
}

@article{dekov14,
  author={Sara Grozdev and Deko Dekov},
  title={The computer program “Discoverer” as a tool of mathematical
investigation},
  journal={International Journal of Computer Discovered Mathematics (IJCDM)},
  month={june},
  year={2014},
  url={www.ddekov.eu/j/2014/JCGM201405.pdf}
}


@article{minevich17,
  title={Synthetic foundations of cevian geometry, {III}: The generalized orthocenter},
  author={Igor Minevich and Patrick Morton},
  year={2017},
  journal={Journal of Geometry},
  volume={108},
  pages={437--455},
  doi={10.1007/s00022-016-0350-2},
  url={arxiv.org/pdf/1506.06253.pdf}
}

@ARTICLE{connes07,
  title={A Property of Parallelograms Inscribed in Ellipses},
  author={Alain Connes and Don Zagier},
  journal={The American Mathematical Monthly},
  volume={114},
  number={10},
  year={2007},
  pages={909--914},
  publisher={Mathematical Association of America},
  url={people.mpim-bonn.mpg.de/zagier/files/amm/114/fulltext.pdf}
}

@ARTICLE{jovanovic11,
title={What are completely integrable {H}amilton Systems},
author={Božidar Jovanović},
journal={The Teaching of Mathematics},
year={2011},
volume={13},
number={1},
pages={1--14}
}

@ARTICLE{dragovic88,
    author = {Vladimir Dragovi\'{c} and Milena Radnovi\'{c}},
    title = {Caustics of {P}oncelet polygons and classical extremal polynomials},
    journal = {Regul. Chaotic Dyn.},
    fjournal = {Regular and Chaotic Dynamics. International Scientific Journal},
    volume = {24},
    year = {2019},
    number = {1},
    pages = {1--35},
    issn = {1560-3547},
    mrclass = {37D50 (14H70 26C05 41A10 70H06)},
    mrnumber = {3908388},
    doi = {10.1134/S1560354719010015},
    url = {doi.org/10.1134/S1560354719010015},
}

@ARTICLE{sergei2016,
    author = {Richard Schwartz and Sergei Tabachnikov},
    title = {Centers of mass of {P}oncelet polygons, 200 years after},
    journal = {Math. Intelligencer},
    fjournal = {The Mathematical Intelligencer},
    volume = {38},
    year = {2016},
    number = {2},
    pages = {29--34},
    issn = {0343-6993},
    mrclass = {51M15 (01A55 51M25)},
    mrnumber = {3507116},
    mrreviewer = {Victor V. Pambuccian},
    doi = {10.1007/s00283-016-9622-9},
    url = {www.math.psu.edu/tabachni/prints/Poncelet5.pdf},
    zblnumber = {1351.01013},
}

@ARTICLE{sergei2002,
title={Ellipsoids, Complete Integrability and Hyperbolic Geometry},
 author={Sergei Tabachnikov},
 url={ftp.math.psu.edu/tabachni/prints/integr.pdf},
 journal={Moscow Mathematical Journal},
 volume={2},
 number={1},
 year={2002},
 pages={185--198}
}

@incollection{sergei2016proj,
  author       = {Sergei Tabachnikov}, 
  title        = {Projective configuration theorems: old wine into new wineskins},
  booktitle    = {Geometry in History},
  publisher    = {Springer Verlag},
  year         = 2019,
  editor       = {S. Dani and A. Papadopoulos},
  pages      = {401--434},
  url      = {arxiv.org/pdf/1607.04758.pdf}
}

@article{corentin19,
    author = {Fierobe, Corentin},
    title = {On the circumcenters of triangular orbits in elliptic billiard},
    year = {2018},
    url = {arxiv.org/pdf/1807.11903.pdf},
    note={Accepted},
    journal={Journal of Dynamical and Control Systems}
    }
}

@UNPUBLISHED{ronaldo16,
    author = {Garcia, Ronaldo},
    title = {Centers of Inscribed Circles in Triangular Orbits of an Elliptic Billiard},
    year = {2016},
    url = {arxiv.org/pdf/1607.00179v1.pdf},
    note={arxiv}
}

@UNPUBLISHED{yiu2003,
    author = {Yiu, Paul},
    title = {A Tour of Triangle Geometry},
    year = {2003},
    publisher={Florida Atlantic University lecture notes},
    url = {math.fau.edu/Yiu/TourOfTriangleGeometry/MAAFlorida37040428.pdf}
}

@UNPUBLISHED{yiu2001,
 author={Yiu, Paul},
 title={Introduction to the Geometry of the Triangle},
 publisher={Florida Atlantic University lecture notes},
 url={math.fau.edu/Yiu/YIUIntroductionToTriangleGeometry121226.pdf},
 year={2001}
}

@ARTICLE{olga14,
    author = {Romaskevich, Olga},
    title = {On the incenters of triangular orbits on elliptic billiards},
    journal = {Enseign. Math.},
    fjournal = {L'Enseignement Math\'{e}matique},
    volume = {60},
    year = {2014},
    number = {3-4},
    pages = {247--255},
    issn = {0013-8584},
    mrclass = {37D50 (14H50)},
    mrnumber = {3342645},
    mrreviewer = {Mohammad Soufi},
    doi = {10.4171/LEM/60-3/4-2},
    url = {arxiv.org/pdf/1304.7588.pdf},
    url2 ={dx.doi.org/10.4171/LEM/60-3/4-2},
    zblnumber = {1371.37073},
}

@ARTICLE{alexey14,
    author = {Glutsyuk, Alexey},
    title = {On odd-periodic orbits in complex planar billiards},
    journal = {J. Dyn. Control Syst.},
    fjournal = {Journal of Dynamical and Control Systems},
    volume = {20},
    year = {2014},
    number = {3},
    pages = {293--306},
    issn = {1079-2724},
    mrclass = {37C25 (37F05)},
    mrnumber = {3224419},
    doi = {10.1007/s10883-014-9236-5},
    url = {doi.org/10.1007/s10883-014-9236-5},
    arxiv = {1309.1849},
    zblnumber = {1333.37009},
}

@ARTICLE{centina15,
    author = {del Centina, Andrea},
    title = {{P}oncelet's Porism: a long story of renewed discoveries I},
    year = {2016},
    journal = {Arch. Hist. Exact Sci.},
    fjournal = {Archive for History of Exact Sciences},
    volume = {70},
    number = {2},
    pages = {1--122},
    issn = {0003-9519},
    mrclass = {01A60 (51M04 51N35)},
    doi = {10.1007/s00407-015-0163-y},
    url = {doi.org/10.1007/s00407-015-0163-y},
    zblnumber = {1333.01015},
}

@ARTICLE{grozdev17,
    author={Sava Grozdev and Hiroshi Okumura and Deko Dekov},
    title={Computer Discovered Mathematics: Triangles homothetic with the Orthic     triangle},
    journal={Int. J. of Comp. Disc. Mathematics (IJCDM)},
    fjournal={International Journal of Computer Discovered Mathematics (IJCDM)},
    issn={2367-7775},
    volume={2},
    year={2017},
    pages={46--54},
    mrclass={51-04 (68T01 68T99)},
    url={www.journal-1.eu/2017/Grozdev-Okumura-Dekov-Orthic-triangles-pp.46-54.pdf}
}

@ARTICLE{snyder92-ellipse,
    author={John M. Snyder},
    title={Interval Analysis for Computer Graphics},
    journal={Computer Graphics},
    volume={26},
    number={2},
    year={1992},
    pages={121--129}
}

@ARTICLE{fitzgibbon99-ellipse,
author={Fitzgibbon, Andrew and Pilu, Maurizio and Fisher, Robert},
title={Direct Least Square Fitting of Ellipses},
journal={Pattern Analysis and Machine Intelligence},
volume={21},
number={5},
year={1999},
month={May}
}

@ARTICLE{izmestiev2017-ivory,
title={Ivory’s theorem revisited},
author={Ivan Izmestiev and Serge Tabachnikov},
journal={Journal of Integrable Systems},
volume={2},
issue={1},
month={January},
year={2017},
url={doi.org/10.1093/integr/xyx006}
}

@BOOK{moore2009-interval-analysis,
title={Introduction to Interval Analysis},
author={Ramon Moore and R. Baker Kearfott and Michael J. Cloud},
publisher={SIAM},
year={2009}
}

@ARTICLE{ronaldo19,
    author = {Garcia, Ronaldo},
    title = {Elliptic Billiards and Ellipses Associated to the 3-Periodic Orbits},
    journal = {American Mathematical Monthly},
    volume={126},
    number={06},
    pages={491--504},
    url={doi.org/10.1080/00029890.2019.1593087},
    year = {2019}
}

@ARTICLE{reznik19,
    author = {Reznik, Dan and Garcia, Ronaldo and Koiller, Jair},
    title = {Can the Elliptic Billiard Still Surprise Us?},
    journal = {Mathematical Intelligencer},
    doi={10.1007/s00283-019-09951-2},
    publisher={Springer US},
    url={arxiv.org/pdf/1911.01515.pdf},
    year = {2019}
}

@ARTICLE{reznik2020-loci,
    author = {Reznik, Dan and Garcia, Ronaldo and Koiller, Jair},
    title = {Loci of Triangular Orbits in Elliptic Billiards},
    note={To appear},
    doi={10.1007/s00283-019-09951-2},
    publisher={arXiv},
    url={},
    year = {2020},
    month={01},
    day={17}
}

@UNPUBLISHED{ronaldo2020-proofs,
    author = {Garcia, Ronaldo and Reznik, Dan and Koiller, Jair},
    title = {New Properties of Triangular Orbits in Elliptic Billiards},
    publisher={arXiv},
    url={arxiv.org/abs/2001.08054},
    month={01},
    year = {2020}
}

@UNPUBLISHED{reznik20a,
    author = {Reznik, Dan and Garcia, Ronaldo and Koiller, Jair},
    title = {New Properties of Triangular Orbits in Elliptic Billiards},
    note = {In preparation},
    year = {2020}
}

@ARTICLE{akopyan2020-invariants,
author={Arseniy Akopyan and Richard Schwartz and Serge Tabachnikov},
title={Billiards in Ellipses Revisited},
journal={Eur. J. Math.},
year={2020},
month={9},
url={doi:10.1007/s40879-020-00426-9}
}

@ARTICLE{bialy2020-invariants,
author={Misha Bialy and Sergei Tabachnikov},
title={{Dan Reznik's} Identities and More},
journal={Eur. J. Math.},
month={September},
year={2020},
url={doi:10.1007/s40879-020-00428-7}
}

@article{caliz2020-area-product,
author={Chavez-Caliz, A.C.},
title={More About Areas and Centers of {Poncelet} Polygons}, journal={Arnold Math J.},
year={2020},
month={8},
url=
{doi:10.1007/s40598-020-00154-8}
}

@MISC{dominique19,
  author       = {Dominique Laurain},
  howpublished = {Private Communication},
  month        = {August},
  year         = {2019},
  address      = {France},
  title      = {Formula for the Radius of the Orbits' Excentral Cosine Circle}
}

@MISC{sergei2020-private-sidelengths,
  author       = {Sergei Tabachnikov},
  howpublished = {Private Communication},
  month        = {July},
  day = {21},
  year         = {2020},
  title      = {Invariant sum of squared sidelengths for {N}-periodics in the Homothetic Poncelet Pair.}
}

@MISC{ferreol2020-private-larme,
  author       = {Robert Ferréol},
  howpublished = {Private Communication},
  month        = {July},
  day = {24},
  year         = {2020},
  title      = {Équation de la larme de {B}rocard 1.}
}

@MISC{moses2020-private-brocard,
  author       = {Peter Moses},
  howpublished = {Private Communication},
  year         = {2020},
  month={9},
  day={7},
  title      = {Family of triangles with fixed Brocard points}
}


@MISC{helman19,
  author       = {Mark Helman},
  howpublished = {Private Communication},
  day          = {4},
  month        = {August},
  year         = {2019},
  address      = {Houston, TX},
  title      = {The Loci of ${X}_i,i=7,40,57,63,142,144$ are elliptic},
  institution  = {Rice University}
}



@MISC{helman20,
  author       = {Mark Helman},
  howpublished = {Private Communication},
  day          = {2},
  month        = {January},
  year         = {2020},
  address      = {Houston, TX},
  title      = {Proofs related to locus of ${X}_{88}$},
  institution  = {Rice University}
}

@MISC{minevich19,
  author       = {Igor Minevich},
  howpublished = {Private Communication},
  day          = {3},
  month        = {July},
  year         = {2019},
  address      = {Boston, MA},
  title      = {The Intouchpoints of the Orbit's Anticomplementary Triangle Sweep the Billiard},
  institution  = {Boston College}
}

@MISC{olga19_mitten,
  author       = {Olga Romaskevich},
  howpublished = {Private Communication},
  day          = {15},
  month        = {May},
  year         = {2019},
  address      = {Rennes, France},
  institution = {IRMAR, Université de Rennes},
  title      = {Proof the Mittenpunkt is Stationary}
}

@MISC{sergei19_private_meromorphic,
  author       = {Sergei Tabachnikov and Richard Schwartz},
  howpublished = {Private Communication},
  month        = {July},
  year         = {2019},
  title        = {Proof of Constant Cosine Sum ${N}>3$.}
}

@MISC{akopyan19_private_pedal_angles,
  author       = {Arseniy Akopyan},
  howpublished = {Private Communication},
  month        = {April},
  year         = {2020},
  title        = {Angles $\phi=\pi-\theta_i$ (resp. $\phi'=\phi-\theta_i'$), so equivalent to invariant sum (resp. product) of cosines.}
}

@MISC{akopyan19_private_half_sines,
  author       = {Arseniy Akopyan},
  howpublished = {Private Communication},
  month        = {January},
  year         = {2020},
  day          = {19},
  title        = {{Corollary of Theorem 6 in {A}kopyan et al., ``Billiards in Ellipses Revisited'' (2020)}.}
}

@MISC{akopyan20_private_cyclic_feet,
  author       = {Arseniy Akopyan},
  howpublished = {Private Communication},
  month        = {April},
  year         = {2020},
  title        = {Perpendicular feet to {N}-periodic or its tangential polygon are cyclic.}
}

@MISC{akopyan2020-private-affine,
  author       = {Arseniy Akopyan},
  howpublished = {Private Communication},
  month        = {January},
  year         = {2020},
  day          = {27},
  title        = {Follows from previous results: the construction is affine and holds for any two concentric conics.}
}

@MISC{sergei19_private_circles,
  author       = {Sergei Tabachnikov},
  howpublished = {Private Communication},
     month     = {July},
  year         = {2019},
  title        = {Proofs of Stationary Circle Radius for ${N}>3$.}
}

@MISC{sergei19_private_cosine_sum_expression,
  author       = {Sergei Tabachnikov},
  howpublished = {Private Communication},
  month        = {October},
  year         = {2019},
  title        = {Proof of Expression for Constant Cosine Sum for any $N$.}
}

@MISC{stachel2020-private-k113-k116,
  author = {Hellmuth Stachel},
 note={Technical University of Vienna},
  howpublished = {Private Communication},
  day = {2},
  month        = {May},
  year         = {2020},
  title        = {Proofs for $k_{113}$ and $k_{116}$.}}
}

### ONLINE

@MISC{himmelstrand12,
  title={A Survey of Dynamical Billiards},
  author={Markus Himmelstrand and Victor Wilén and Maria Saprykina},
  publisher={Department of Mathematics, Royal Institute of Technology (KTH)},
  url={bit.ly/2kfYHkC},
  year={2012}
}

@MISC{richardson10,
    author = {Richardson, Bill},
    title = {I was just looking for an example},
    year = {2010},
    url = {www.math.wichita.edu/~richardson/Orthic-story/orthic-triangle-complete.html},
    institution = {Wichita State University},
}

@misc{etc,
    author = {Kimberling, Clark},
    title = {Encyclopedia of Triangle Centers},
    year = {2019},
    journal={{ETC}},
    url = {faculty.evansville.edu/ck6/encyclopedia/ETC.html}
}

@MISC{wp_geodesics,
   title={Geodesics on an ellipsoid},
   author={Wikipedia},
   year={2019},
   url={en.wikipedia.org/wiki/Geodesics_on_an_ellipsoid#Geodesics_on_a_triaxial_ellipsoid}
}

@ARTICLE{mw,
    author = {Weisstein, Eric},
    title = {Mathworld},
    journal = {MathWorld--A Wolfram Web Resource},
    url = {mathworld.wolfram.com},
    year = {2019}
}

@MISC{mw_orthic,
    author = {Weisstein, E.},
    title = {Orthic Triangle},
    journal = {MathWorld--A Wolfram Web Resource},
    url = {mathworld.wolfram.com/OrthicTriangle.html},
    year = {2019}
}

@MISC{impa2019,
   author = {Dan Reznik and Ronaldo Garcia and Jair Koiller},
   title = {Adventures with Triangles and Billiards},
   url={impa.br/en_US/eventos-do-impa/eventos-2019/ 32o-coloquio-brasileiro-de-matematica},
   address={Rio de Janeiro},
   institution = {Instituto Nacional de    Matemática Pura e Aplicada (IMPA)},
   day={31},
   month={7},
   year={2019},
}

@MISC{impa2019_video,
   author = {Dan Reznik and Ronaldo Garcia and Jair Koiller},
   title = {Adventures with Triangles and Billiards},
   url={youtu.be/t872mftaI2g},
   publisher={YouTube},
   day={15},
   month={8},
   year={2019},
}

@MISC{reznik_web,
   author = {Dan Reznik and Ronaldo Garcia and Jair Koiller},
   title={New Properties of Triangular Orbits in Elliptic Billiards},
   url={dan-reznik.github.io/Elliptical-Billiards-Triangular-Orbits/},
   year={2019}
}

@MISC{reznik_media,
   author = {Dan Reznik and Ronaldo Garcia and Jair Koiller},
   title={Media for Elliptic Billards and Family of Orbits},
   url={dan-reznik.github.io/Elliptical-Billiards-Triangular-Orbits/videos.html},
   year={2019}
}

@MISC{reznik_loci,
   author = {Dan Reznik},
   title={Triangular Orbits in Elliptic Billards: Loci of Points {X}(1)~{X}(100)},
   url={dan-reznik.github.io/Elliptical-Billiards-Triangular-Orbits/loci_6tri.html},
   year={2019}
}

@misc{mathematica_v10,
  author = {Stephen Wolfram},
  title = {Mathematica, Version 10.0},
  Address = {Champaign, IL},
  year={2019},
}

@MISC{dsr_vid11incenter,
  author={Dan Reznik},
  title={Triangular Orbits in Elliptic Billiards: Locus of the Incenter is an Ellipse},
  year={2011},
  url={youtu.be/9xU6T7hQMzs},
  publisher={YouTube}
}

@MISC{dsr_vid11e,
  author={Dan Reznik},
  title={Locus of the incircle touchpoints is a higher-order curve},
  year={2011},
  url={youtu.be/9xU6T7hQMzs},
  publisher={YouTube}
}

@MISC{dsr_applet11a,
  author={Dan Reznik},
  title={"Dynamic Billiards in Ellipse"},
  url={demonstrations.wolfram.com/DynamicBilliardsInEllipse/},
  publisher={Wolfram Demonstrations Project},
  year={2011}
}

@MISC{playlist2020-deltoid,
author={Dan Reznik},
  title={{YouTube} Playlist for Constant-Area Deltoid},
  year={2020},
  publisher={YouTube},
  url={bit.ly/3gqfIRm}
}

@MISC{dsr_main_videos_2019,
  author={Dan Reznik},
  title={New Properties of Polygonal Orbits in Elliptic Billiards: Main Videos},
  year={2019},
  url={bit.ly/2k5GXbB},
  publisher={YouTube}
}

@MISC{dsr_playlist_2020,
  author={Dan Reznik},
  title={Playlist for {``Loci of Triangular Orbits in an Elliptic Billiard''}},
  year={2020},
  url={bit.ly/3072LV3},
  publisher={YouTube}
}

@MISC{dsr_playlist_2020_proofs,
  author={Dan Reznik},
  title={Playlist for {``New Properties of Triangular Orbits in an Elliptic Billiard''}},
  year={2020},
  url={bit.ly/379mk1I},
  publisher={YouTube}
}

@MISC{dsr_playlist_2020_polygons,
  author={Dan Reznik},
  title={Playlist for {``Invariants of N-Periodics in the Elliptic Billiard''}},
  year={2020},
  url={bit.ly/2xeVGYw},
  publisher={YouTube}
}

@MISC{dsr_playlist_2020_invariants,
  author={Dan Reznik},
  title={Playlist for {``Invariants of N-Periodic Trajectories in Elliptic Billiards''}},
  year={2020},
  url={bit.ly/3aNqgqU},
  publisher={YouTube}
}


@MISC{dsr_locus_gallery_2019,
  author={Dan Reznik},
  title={Triangular Orbits in Elliptic Billards: Loci of Points {X(1)~X(100)}},
  year={2019},
  url={dan-reznik.github.io/Elliptical-Billiards-Triangular-Orbits/loci_6tri.html},
  publisher={GitHub}
}

@MISC{dsr_applet_x12345,
author={Dan Reznik},
  title={Applet Showing the Locus of Several Triangular Centers},
  year={2019},
  publisher={P5.js},
  url={editor.p5js.org/dreznik/full/i1Lin7lt7}
}

@BOOK{rozikov2018,
author={Utkir A Rozikov},
title={An Introduction To Mathematical Billiards},
year={2018},
isbn={978-9813276468},
publisher={World Scientific Publishing Company}
}

@ARTICLE{sergei2016-com,
    author = {Richard Schwartz and Sergei Tabachnikov},
    title = {Centers of mass of {P}oncelet polygons, 200 years after},
    journal = {Math. Intelligencer},
    fjournal = {The Mathematical Intelligencer},
    volume = {38},
    year = {2016},
    number = {2},
    pages = {29--34},
    issn = {0343-6993},
    mrclass = {51M15 (01A55 51M25)},
    mrnumber = {3507116},
    mrreviewer = {Victor V. Pambuccian},
    doi = {10.1007/s00283-016-9622-9},
    url = {www.math.psu.edu/tabachni/prints/Poncelet5.pdf},
    zblnumber = {1351.01013},
}

@BOOK{preparata1988,
author={Franco Preparata and Michael Shamos},
year={1988},
edition={2nd},
title={Computational Geometry - An Introduction},
publisher={Springer-Verlag},
isbn={3-540-96131-3}
}


@ARTICLE{carneiro2019-impa,
author={M. J. Carneiro and R.~Garcia},
title={Teorema dos Quatro Vértices e a sua Recíproca},
publisher={Publicações Matem'sticas, IMPA},
note={$32^o$ Colóquio Brasileiro de Matemática},
year={2019}
}

@BOOK{stachel2019-conics,
author={Georg Glaeser and Hellmuth Stachel and Boris Odehnal},
title={The Universe of Conics: From the ancient Greeks to 21st century developments},
publisher={Springer},
year={2016}
}

@BOOK{lockwood1961-curves,
title={A Book of Curves},
author={{E.H.} Lockwood},
publisher={Cambridge University Press},
year={1961}
}

@article{odehnal2011-poristic,
    AUTHOR = {Odehnal, Boris},
     TITLE = {Poristic loci of triangle centers},
   JOURNAL = {J. Geom. Graph.},
  FJOURNAL = {Journal for Geometry and Graphics},
    VOLUME = {15},
      YEAR = {2011},
    NUMBER = {1},
     PAGES = {45--67},
      ISSN = {1433-8157},
   MRCLASS = {51M04 (51N35)},
  MRNUMBER = {2858157},
}

@BOOK{zwikker2005,
title={The Advanced Geometry of Plane Curves and Their Applications},
author={C. Zwikker},
year={2005},
publisher={Dover Publications}
}

@BOOK{winston,
author={Roland Winston and Juan Minano and Pablo G. Benitez},
title={Non-Imaging Optics},
publisher={Elsevier},
year={2005}
}

@BOOK{wells1991,
title={The Penguin Dictionary of Curious and Interesting Geometry},
author={David Wells},
publisher={Penguin Books},
year={1991},
isbn={0140118136}
}

@MISC{ferreol2017-deltoid,
title={Encyclopédie des Formes Mathématiques Remarquables (Deltoid Curve)},
author={Robert Ferréol},
year={2017},
url={mathcurve.com/courbes2d.gb/deltoid/deltoid.shtml}
}


@article {mitrea_1994,
    AUTHOR = {Mitrea, Dorina and Mitrea, Marius},
     TITLE = {A generalization of a theorem of {E}uler},
   JOURNAL = {Amer. Math. Monthly},
  FJOURNAL = {American Mathematical Monthly},
    VOLUME = {101},
      YEAR = {1994},
    NUMBER = {1},
     PAGES = {55--58},
      ISSN = {0002-9890},
   MRCLASS = {51M04},
  MRNUMBER = {1252706},
MRREVIEWER = {E. J. F. Primrose},
       DOI = {10.2307/2325125},
       URL = {doi.org/10.2307/2325125},
}

@article {mandan_1979,
    AUTHOR = {Mandan, Sahib Ram},
     TITLE = {Orthologic {D}esargues' figure},
   JOURNAL = {J. Austral. Math. Soc. Ser. A},
  FJOURNAL = {Australian Mathematical Society. Journal. Series A. Pure
              Mathematics and Statistics},
    VOLUME = {28},
      YEAR = {1979},
    NUMBER = {3},
     PAGES = {295--302},
      ISSN = {0263-6115},
   MRCLASS = {51A05 (51N15)},
  MRNUMBER = {557278},
MRREVIEWER = {Libu\v{s}e Markov\'{a}},
}


@article{thebault-1952,
    AUTHOR = {Th\'{e}bault, Victor},
     TITLE = {Perspective and orthologic triangles and tetrahedrons},
   JOURNAL = {Amer. Math. Monthly},
  FJOURNAL = {American Mathematical Monthly},
    VOLUME = {59},
      YEAR = {1952},
     PAGES = {24--28},
      ISSN = {0002-9890},
   MRCLASS = {48.0X},
  MRNUMBER = {44845},
       DOI = {10.2307/2307184},
       URL = {doi.org/10.2307/2307184}
}

@article{hartmann2010-apollonius,
title={Apollonius's Ellipse and Evolute Revisited -- The Alternative Approach to the Evolute},
author={Frederick Hartmann and Robert Jantzen},
journal={Convergence},
month={8},
year={2010},
url={www.maa.org/book/export/html/116803}
}

@book{pedoe1970,
    AUTHOR = {Pedoe, D.},
     TITLE = {A course of geometry for colleges and universities},
 PUBLISHER = {Cambridge University Press, London-New York},
      YEAR = {1970},
     PAGES = {xvi+449},
   MRCLASS = {50.00},
  MRNUMBER = {0267442},
MRREVIEWER = {H. S. M. Coxeter}
}

@book{ostermann2012,
AUTHOR = {A. Ostermann and G. Wanner},
TITLE = {Geometry by Its History},
PUBLISHER = {Springer Verlag},
YEAR = {2012}
}

@BOOK{patrascu2020,
title={The Geometry of the Orthological Triangles},
author={Ion Pătrașcu and Florentin Smarandache},
publisher={Pons Editions},
year={2020},
url={fs.unm.edu/GeometryOrthologicalTriangles.pdf},
isbn={978-1-59973-653-2}
}


@article {giblin_2014,
    AUTHOR = {Giblin, P. J. and Warder, J. P.},
     TITLE = {Evolving evolutoids},
   JOURNAL = {Amer. Math. Monthly},
  FJOURNAL = {American Mathematical Monthly},
    VOLUME = {121},
      YEAR = {2014},
    NUMBER = {10},
     PAGES = {871--889},
      ISSN = {0002-9890},
   MRCLASS = {53A04 (58K05)},
  MRNUMBER = {3295661},
MRREVIEWER = {Ra\'{u}l Oset Sinha},
       DOI = {10.4169/amer.math.monthly.121.10.871},
       URL = {doi.org/10.4169/amer.math.monthly.121.10.871},
}

@article {reventos_2007,
    AUTHOR = {Escudero, Carlos A. and Revent\'{o}s, Agust\'{\i}},
     TITLE = {An interesting property of the evolute},
   JOURNAL = {Amer. Math. Monthly},
  FJOURNAL = {American Mathematical Monthly},
    VOLUME = {114},
      YEAR = {2007},
    NUMBER = {7},
     PAGES = {623--628},
      ISSN = {0002-9890},
   MRCLASS = {53A04},
  MRNUMBER = {2341325},
       DOI = {10.1080/00029890.2007.11920452},
       URL = {doi.org/10.1080/00029890.2007.11920452},
}

@article{steiner1838,
author={Jakob Steiner},
journal={{Abhandlungen der Königlichen Akademie der Wissenshaften zu Berlin}},
year=1838,
title={{Über den Krümmungs-Schwerpunkt ebener Curven}},
pages={19--91}
}

@incollection{kaiser1990-convex,
author={M.J. Kaiser and T.L. Morin and T.B. Trafalis},
title={Centers and invariant points of convex bodies},
booktitle={Applied Geometry and Discrete Mathematics: The Victor Klee Festschrift},
editor={Peter Gritzmann and Bernd Sturmfels},
publisher={American Mathematical Society},
address={Providence, RI},
volume={4},
year={1990},
pages={367--386}
}

@incollection{gruber1993-convex,
  author       = {P.M. Gruber}, 
  title        = {History of Convexity},
  booktitle    = {Handbook of Convex Geometry, Part A},
  publisher    = {Elsevier},
  year         = 1993,
  editor       = {P.M. Gruber and J.M. Wills},
  volume       = {A},
  pages = {1--15}
}

@book{fischer2001,
author={G. Fischer},
title={Plane Algebraic Curves},
publisher={American Mathematical Society},
address={Providence, RI},
year={2001}
}

@book{akopyan2007-conics,
author={A. V. Akopyan and A. A. Zaslavsky}, title={Geometry of Conics},
publisher={Amer. Math. Soc.},
address={Providence, RI},
year={2007}
}

@book{ahlfors1979-complex,
author={Lars V. Ahlfors},
title={Complex Analysis: an Introduction to Theory of Analytic Functions of One Complex Variable},
year={1979},
publisher={{McGraw Hill}}
}

@article{georgiev2012-poncelet,
author={Vladimir Georgiev and Veneta Nedyalkova},
title={Poncelet’s porism and periodic triangles in ellipse},
year={2012},
journal={Dynamat},
url={www.dynamat.oriw.eu/upload_pdf/20121022_153833__0.pdf}
}

@book{johnson1960,
title={Advanced Euclidean Geometry},
author={Roger A. Johnson},
note={editor John W. Young},
publisher={Dover},
address={New York, NY},
edition={2nd},
year={1960},
url={bit.ly/33cbrvd}
}

@article{pamfilos2004,
title={On Some Actions of {$D_3$} on a Triangle},
author={Paris Pamfilos},
journal={Forum Geometricorum},
volume={4},
year={2004},
pages={157--176},
issn={1534-1178},
url={forumgeom.fau.edu/FG2004volume4/FG200420.pdf}
}

@BOOK{gallatly1914-geometry,
author={William Gallatly},
title={The modern geometry of the triangle},
publisher={Francis Hodgson},
year={1914}
}

@book{coolidge1971,
author={Coolidge, J. L.},
title={A Treatise on the Geometry of the Circle and Sphere},
address={New York,NY},
publisher={Chelsea},
year={1971}
}

@MISC{ferreol-strophoid,
author={Robert Ferréol},
title={Mathcurve Portal},
year={2020},
url={mathcurve.com/courbes2d.gb/strophoiddroite/strophoiddroite.shtml}
}

@MISC{darlan2020-app,
author={Iverton Darlan and Dan Reznik},
title={Loci of Ellipse-Mounted Triangle Centers},
year={2020},
url={dan-reznik.github.io/ellipse-mounted-triangles/}
}

@ARTICLE{pamfilos2020,
title={Triangles Sharing their {E}uler Circle and Circumcircle},
author={Paris Pamfilos},
journal={International Journal of Geometry},
volume={9},
number={1},
pages={5--24},
year={2020},
url={ijgeometry.com/wp-content/uploads/2020/03/1.-5-24.pdf}
}

@MISC{bradley2011-brocard,
title={The Geometry of the Brocard Axis and Associated Conics},
author={Christopher Bradley},
year={2011},
note={CJB/2011/170},
url={people.bath.ac.uk/masgcs/Article116.pdf}
}

@ARTICLE{bradley2007-brocard,
title={On a Construction of {H}agge},
author={Christopher Bradley and Geoff Smith},
journal={Forum Geometricorum},
volume={7},
year={2007},
pages={231-–247},
issn={1534-1178},
url={forumgeom.fau.edu/FG2007volume7/FG200730.pdf}
}

@BOOK{honsberger1995,
author={Ross Honsberger},
title={Episodes in Nineteenth and Twentieth Century Euclidean Geometry},
publisher={Mathematical Association of America},
year={1995}
}

@article{shail1996-brocard,
author={Shail, Ron},
title={Some properties of Brocard points},
journal={The Mathematical Gazette},
publisher={Cambridge University Press},
volume={80},
number={489},
year={1996},
pages={485–491},
DOI={10.2307/3618511}
}

@book{akopyan2007,
author={A. V. Akopyan and A. A. Zaslavsky},
title={Geometry of Conics},
published={Amer. Math. Soc.}, address={Providence, RI},
year={2007},
note={Russian 2nd edition},
url={https://bit.ly/32n7t3t}
}

@MISC{gibert2020-brocard,
title={Brocard Triangles and Related Cubics},
author={Bernard Gibert},
year={2020},
url={https://bernard-gibert.pagesperso-orange.fr/gloss/brocardtriangles.html}
}

Finding Ellipses: What Blaschke Products, Poncelet’s Theorem, and the Numerical Range Know about Each Other

@BOOK{daepp-2019,
title={Finding Ellipses: What {B}laschke Products, {P}oncelet’s Theorem, and the Numerical Range Know about Each Other},
author={Ulrich Daepp and Pamela Gorkin and Andrew Shaffer and Karl Voss},
publisher={{MAA Press/AMS}},
year={2019},
ISBN={9781470443832}
}

@MISC{etc-central-lines,
    author = {Kimberling, Clark},
    title = {Central Lines of Triangle Centers},
    year = {2020},
    url = {bit.ly/34vVoJ8}
}

@MISC{stackexchange-x3a,
    TITLE = {General Formula for Equidistant Locus of Three Points},
    AUTHOR = {Ng Chung Tak},
    HOWPUBLISHED = {Mathematics Stack Exchange},
    NOTE = {URL:https://math.stackexchange.com/q/1628779 (version: 2016-01-27)},
    EPRINT = {https://math.stackexchange.com/q/1628779},
    URL = {https://math.stackexchange.com/q/1628779}
}

@article{sergei2014-circumcenter-of-mass,
author={Sergei Tabachnikov and Emmanuel Tsukerman},
title={Circumcenter of Mass and Generalized {E}uler Line},
journal={Discrete Comput. Geom.},
volume={51},
pages={815-–836},
year={2014},
doi={10.1007/s00454-014-9597-2}
}
